@misc{ti_can_transceivers,
    author = {{A System Evaluation of CAN Transceivers}},
    howpublished  = "\url{https://www.ti.com/lit/an/slla109a/slla109a.pdf}",
    note = "(accessed: 15.12.2021)"
}

@misc{can_bus_tutorial,
    author = {{CAN Bus Protocol Tutorial}},
    howpublished  = "\url{https://www.kvaser.com/can-protocol-tutorial}",
    note = "(accessed: 15.12.2021)"
}

@misc{introduction_sae_j1939_protocol,
    author = {{A Brief Introduction to the SAE J1939 Protocol}},
    howpublished  = "\url{https://copperhilltech.com/a-brief-introduction-to-the-sae-j1939-protocol}",
    note = "(accessed: 15.12.2021)"
}

@misc{sae_j1939_introduction,
    author = {{SAE J1939 Introduction and Overview}},
    howpublished  = "\url{https://www.kvaser.com/about-can/higher-layer-protocols/j1939-introduction}",
    note = "(accessed: 15.12.2021)"
}

@misc{esp32-s2_datasheet,
    author = {{ESP32-S2 Family Datasheet}},
    howpublished  = "\url{https://www.espressif.com/sites/default/files/documentation/esp32-s2_datasheet_en.pdf}",
    note = "(accessed: 08.12.2021)"
}

@misc{neutrik-ethercon,
    author = {{Neutrik etherCON NE8MX6 Product Page}},
    howpublished  = "\url{https://www.neutrik.com/en/product/ne8mx6}",
    note = "(accessed: 14.12.2021)"
}

@misc{fms-standard-description,
    author = {{Bus-FMS-Standard Description Version 04}},
    howpublished  = "\url{http://www.fms-standard.com/Bus}",
    note = "(accessed: 16.12.2021)"
}

@misc{fms-presentation,
    author = {{Presentation Bus-FMS-Standard}},
    howpublished  = "\url{http://www.fms-standard.com/Bus}",
    note = "(accessed: 16.12.2021)"
}

@misc{fms-connector,
    author = {{Bus FMS Connector}},
    howpublished  = "\url{http://www.fms-standard.com/Bus}",
    note = "(accessed: 16.12.2021)"
}

@misc{flash-download-tools,
    author = {{Espressif Flash Download Tools}},
    howpublished  = "\url{https://www.espressif.com/en/support/download/other-tools}",
    note = "(accessed: 17.12.2021)"
}

@book{bringhurst1996ets,
  title={{The Elements of Typographic Style}},
  author={Bringhurst, Robert},
  year={1996},
  publisher={Hartley \& Marks}
}